@online{WWU,
	title = {Franck-Hertz-Versuch},
	author = {WWU MÃ¼nster},
	url = {https://sso.uni-muenster.de/LearnWeb/learnweb2/pluginfile.php/1334783/mod_resource/content/1/Franck-Hertz-Versuch_Einf.pdf},
	urldate = {2018-05-01},
}

@online{Constants,
	title = {The NIST Reference on Constants, Units and Uncertainty},
	author = {National Institute of Standarts and Technology},
	url = {https://physics.nist.gov/cuu/Constants/index.html},
	urldate = {2018-05-01},
}

@online{boilingPoint,
title = {The Vapor Pressure of Mercury},
author = {Marcia L. Huber, Arno Laesecke, Daniel G. Friend},
url = {http://www.physics.rutgers.edu/%7Eeandrei/389/NISTIR.6643.pdf},
urldate = {2018-05-01},
}

@online{verdampfungswaerme,
title = {Quecksilber: Stoffeigenschaften},
author = {mai2014@andyhoppe.com},
url = {http://www.periodensystem.info/elemente/quecksilber},
urldate = {2018-05-01},
}

@online{meh,
title = {meh},
author = {meh},
url = {meh},
urldate = {2018-05-01},
}