@online{WWU,
	title = {05 - Spektrometer},
	author = {WWU MÃ¼nster},
	url = {https://sso.uni-muenster.de/LearnWeb/learnweb2/course/view.php?id=28561&section=23},
	urldate = {2018-07-03},
}

@online{Mo14,
	title = {Laborbuch O5 - Gruppe Mo14},
	author = {Gruppe Mo14},
}

@online{NISTNa,
	title = {The NIST Reference on Constants, Units and Uncertainty},
	author = {NIST},
	url = {https://physics.nist.gov/PhysRefData/Handbook/Tables/sodiumtable2.htm},
	urldate = {2018-07-03},
}

@online{NISTHg,
	title = {The NIST Reference on Constants, Units and Uncertainty},
	author = {NIST},
	url = {https://physics.nist.gov/PhysRefData/Handbook/Tables/mercurytable2.htm},
	urldate = {2018-07-03},
}

@online{NIST,
	title = {The NIST Reference on Constants, Units and Uncertainty},
	author = {NIST},
	url = {https://physics.nist.gov/cuu/Constants/index.html},
	urldate = {2018-05-15},
}