@online{WWU,
	title = {W1 - Stirling Motor},
	author = {WWU MÃ¼nster},
	url = {https://sso.uni-muenster.de/LearnWeb/learnweb2/course/view.php?id=28561&section=26},
	urldate = {2018-05-13},
}

@online{NIST,
	title = {The NIST Reference on Constants, Units and Uncertainty},
	author = {NIST},
	url = {https://physics.nist.gov/cuu/Constants/index.html},
	urldate = {2018-05-15},
}

@online{Toolbox,
	title = {Water - Thermophysical Properties},
	author = {The Engineering Toolbox},
	url = {https://www.engineeringtoolbox.com/water-thermal-properties-d_162.html},
	urldate = {2018-05-15},
}

@online{NISTwater,
	title = {Water},
	author = {NIST},
	url = {https://webbook.nist.gov/cgi/inchi?ID=C7732185&Type=JANAFL&Plot=on},
	urldate = {2018-05-15},
}