@online{WWU,
	title = {W2 - Adiabatenexponent von Gasen},
	author = {WWU MÃ¼nster},
	url = {https://sso.uni-muenster.de/LearnWeb/learnweb2/course/view.php?id=28561&section=27},
	urldate = {2018-05-29},
}

@online{NIST,
	title = {The NIST Reference on Constants, Units and Uncertainty},
	author = {NIST},
	url = {https://physics.nist.gov/cuu/Constants/index.html},
	urldate = {2018-05-15},
}
