@online{WWU,
	title = {Elektrische Resonanz},
	author = {WWU MÃ¼nster},
	url = {https://sso.uni-muenster.de/LearnWeb/learnweb2/mod/resource/view.php?id=883523},
	urldate = {2018-01-25},
}

@online{widerstand,
	title = {Widerstandsfarbcode},
	author = {Elektronik Kompendium},
	url = {https://www.elektronik-kompendium.de/sites/bau/1109051.htm},
	urldate = {2018-02-1},
}
