@online{WWU,
	title = {A3 - Absorption von radioaktiver Strahlung},
	author = {WWU MÃ¼nster},
	url = {https://sso.uni-muenster.de/LearnWeb/learnweb2/course/view.php?id=28561&section=29},
	urldate = {2018-05-08},
}


@online{temp,
	title = {temp},
	author = {temp},
	url = {temp},
	urldate = {2018-05-08},
}