@manual{aufbau,
	author = {Stefanie Wiedigen},
	title = {Der Millikan Versuch},
	publisher = {Georg-August-Universität Göttingen},
	year = {2011},
	month = {Juni},
	edition = {https://lp.uni-goettingen.de/get/text/1558 (22.01.2018, 17:31)},
	organization = {Georg-August-Universität Göttingen}
}

@online{Elementarladung,
  title = {Elementarladung},
  author = {Fundamental Physical Constants des NIST},
  url = {https://physics.nist.gov/cgi-bin/cuu/Value?e},
  urldate = {2018-01-15},
}
