@online{ref,
	title = {},
	author = {},
	url = {},
	urldate = {YYYY-MM-DD},
}