@online{WWU,
	title = {O6 - Optische Abbildungen und digitale Kamera},
	author = {WWU MÃ¼nster},
	url = {https://sso.uni-muenster.de/LearnWeb/learnweb2/course/view.php?id=28561&section=24},
	urldate = {2018-07-09},
}

@online{NIST,
	title = {The NIST Reference on Constants, Units and Uncertainty},
	author = {NIST},
	url = {https://physics.nist.gov/cuu/Constants/index.html},
	urldate = {2018-05-15},
}