@online{WWU,
	title = {03 - Polarisation},
	author = {WWU MÃ¼nster},
	url = {https://sso.uni-muenster.de/LearnWeb/learnweb2/course/view.php?id=28561&section=21},
	urldate = {2018-06-18},
}

@online{NIST,
	title = {The NIST Reference on Constants, Units and Uncertainty},
	author = {NIST},
	url = {https://physics.nist.gov/cuu/Constants/index.html},
	urldate = {2018-05-15},
}

@online{wikiBrewster,
	title = {Brewster-Winkel},
	author = {Cepheiden(https://commons.wikimedia.org/wiki/User:Cepheiden)},
	url = {https://de.wikipedia.org/wiki/Brewster-Winkel#/media/File:Frensel-Relexionskoeffizienten_vs_Winkel_DE.svg},
	urldate = {2018-06-17},
}

