@BOOK{1,
AUTHOR    = {Horst Kuchling}, 
TITLE     = {Taschenbuch der Physik},
PUBLISHER = {Carl Hanser},
YEAR      = {2011},
}

@BOOK{2,
AUTHOR    = {Horst Czichos and Manfred Hennecke }, 
TITLE     = {Huette: Das Ingenieurwissen},
PUBLISHER = {Springer},
YEAR      = {2004},
}

@BOOK{3,
AUTHOR    = {Crandall and Dahl and Lardner}, 
TITLE     = {An Introduction to the Mechanics of Solids},
PUBLISHER = {Boston: McGraw-Hill},
YEAR      = {1959},
}
