@online{WWU,
	title = {02 - Mikrowellen},
	author = {WWU MÃ¼nster},
	url = {https://sso.uni-muenster.de/LearnWeb/learnweb2/course/view.php?id=28561&section=20},
	urldate = {2018-06-11},
}

@online{NIST,
	title = {The NIST Reference on Constants, Units and Uncertainty},
	author = {NIST},
	url = {https://physics.nist.gov/cuu/Constants/index.html},
	urldate = {2018-05-15},
}

@online{GF,
	title = {Polyvinylchlorid - unplastifizert (UPVC)},
	author = {GoodFellow},
	url = {http://www.goodfellow.com/G/Polyvinylchlorid-unplastifiziert.html},
	urldate = {2018-06-14},
}

